<record><leader>00000cas a22000007a 4500</leader><controlfield tag="001">22746063</controlfield><controlfield tag="008">901128d19221972mauwr ne      0    0eng d</controlfield><datafield ind1=" " ind2=" " tag="010"><subfield code="a">sn 89063378 </subfield></datafield><datafield ind1=" " ind2=" " tag="040"><subfield code="a">MGN</subfield><subfield code="b">eng</subfield><subfield code="c">MGN</subfield><subfield code="d">OCLCQ</subfield></datafield><datafield ind1=" " ind2=" " tag="042"><subfield code="a">msc</subfield></datafield><datafield ind1="0" ind2="0" tag="245"><subfield code="a">Townsend times.</subfield></datafield><datafield ind1=" " ind2=" " tag="260"><subfield code="a">Townsend, Mass. :</subfield><subfield code="b">C.K. Johnson</subfield></datafield><datafield ind1=" " ind2=" " tag="300"><subfield code="a">v.</subfield></datafield><datafield ind1=" " ind2=" " tag="310"><subfield code="a">Weekly</subfield></datafield><datafield ind1="1" ind2=" " tag="362"><subfield code="a">Began Dec. 27, 1922.</subfield></datafield><datafield ind1="0" ind2=" " tag="362"><subfield code="a">-v. 50, no. 2 (Jan. 13, 1972).</subfield></datafield><datafield ind1=" " ind2=" " tag="500"><subfield code="a">Published in East Pepperell [Pepperell, Mass., May 6, 1971-1972.</subfield></datafield><datafield ind1=" " ind2=" " tag="588"><subfield code="a">Description based on: Vol. 1, no. 2 (Jan. 3, 1923).</subfield></datafield><datafield ind1=" " ind2=" " tag="752"><subfield code="a">United States</subfield><subfield code="b">Massachusetts</subfield><subfield code="c">Middlesex</subfield><subfield code="d">Townsend.</subfield></datafield><datafield ind1=" " ind2=" " tag="752"><subfield code="a">United States</subfield><subfield code="b">Massachusetts</subfield><subfield code="c">Middlesex</subfield><subfield code="d">East Pepperell.</subfield></datafield><datafield ind1=" " ind2=" " tag="752"><subfield code="a">United States</subfield><subfield code="b">Massachusetts</subfield><subfield code="c">Middlesex</subfield><subfield code="d">Pepperell.</subfield></datafield><datafield ind1="0" ind2="7" tag="785"><subfield code="t">Pepperell free press</subfield><subfield code="w">(DLC)sn 89062351</subfield></datafield><datafield ind1="0" ind2="7" tag="785"><subfield code="t">Times-free press (Pepperell, Mass.)</subfield><subfield code="w">(DLC)sn 88000819</subfield></datafield></record>